<?xml version="1.0" encoding="UTF-8"?><collection xmlns="http://www.loc.gov/MARC21/slim"><record><leader>00643nam--2200193-u-4500</leader><controlfield tag="001">000055286</controlfield><controlfield tag="002">20161230</controlfield><controlfield tag="005">20161230201052</controlfield><controlfield tag="008">121206s1000------------r-----000-0-eng-d</controlfield><datafield ind1=" " ind2=" " tag="020"><subfield code="a">0471219886</subfield></datafield><datafield ind1=" " ind2=" " tag="040"><subfield code="a">IFIN-HH</subfield></datafield><datafield ind1=" " ind2=" " tag="080"><subfield code="a">539.213</subfield></datafield><datafield ind1="1" ind2=" " tag="100"><subfield code="a">Douglas, R.W</subfield></datafield><datafield ind1="1" ind2="0" tag="245"><subfield code="a">Amorphous materials</subfield><subfield code="b">Papers presented to the third international conference on the physics of non-crystalline solids, held at sheffield university, september 1970</subfield><subfield code="c">R.w. douglas, bryan ellis (eds.)</subfield></datafield><datafield ind1=" " ind2=" " tag="260"><subfield code="a">London</subfield><subfield code="b">Wiley Interscience</subfield><subfield code="c">1972</subfield></datafield><datafield ind1=" " ind2=" " tag="300"><subfield code="a">XVIII+550P</subfield></datafield><datafield ind1="1" ind2=" " tag="700"><subfield code="a">Ellis, Bryan</subfield><subfield code="e">Ed</subfield></datafield><datafield ind1=" " ind2=" " tag="852"><subfield code="a">76724</subfield><subfield code="c">539.21</subfield></datafield><datafield ind1=" " ind2=" " tag="CAT"><subfield code="a">Sys</subfield><subfield code="c">20121206</subfield><subfield code="h">164432</subfield></datafield></record></collection>